<?xml version="1.0" encoding="UTF-8" ?><marc:collection xmlns:marc="http://www.loc.gov/MARC21/slim" xmlns:xsi="http://www.w3.org/2001/XMLSchema-instance" xsi:schemaLocation="http://www.loc.gov/MARC21/slim http://www.loc.gov/standards/marcxml/schema/MARC21slim.xsd">
<marc:record><marc:leader>01778nam a2200301 a 4500</marc:leader>
<marc:controlfield tag="001">5675</marc:controlfield>
<marc:controlfield tag="003">aeadna</marc:controlfield><marc:controlfield tag="005">20070425080600.0</marc:controlfield><marc:controlfield tag="008">981216s1944||||ua     f     n001 0bara d</marc:controlfield><marc:datafield tag="035" ind1=" " ind2=" "><marc:subfield code="a">(Sirsi) 5675</marc:subfield></marc:datafield><marc:datafield tag="040" ind1=" " ind2=" "><marc:subfield code="a">nal</marc:subfield><marc:subfield code="b">ara</marc:subfield><marc:subfield code="e">AACR2</marc:subfield></marc:datafield><marc:datafield tag="041" ind1="0" ind2=" "><marc:subfield code="a">ara</marc:subfield></marc:datafield><marc:datafield tag="050" ind1=" " ind2="4"><marc:subfield code="a">PJ7750.A25</marc:subfield><marc:subfield code="b">.Z56 1944</marc:subfield></marc:datafield><marc:datafield tag="066" ind1=" " ind2=" "><marc:subfield code="c">(3</marc:subfield></marc:datafield><marc:datafield tag="082" ind1="1" ind2="0"><marc:subfield code="a">928.56</marc:subfield><marc:subfield code="b">21</marc:subfield></marc:datafield><marc:datafield tag="090" ind1=" " ind2=" "><marc:subfield code="a">928.56</marc:subfield><marc:subfield code="b">ت ع ي ف</marc:subfield></marc:datafield><marc:datafield tag="245" ind1="0" ind2="0"><marc:subfield code="a">تعريف القدماء بأبي العلاء/</marc:subfield><marc:subfield code="c">جمعه وحققه لجنة من رجال وزارة المعارف العمومية؛ بإشراف طه حسين.</marc:subfield></marc:datafield><marc:datafield tag="260" ind1=" " ind2=" "><marc:subfield code="a">[القاهرة] :</marc:subfield><marc:subfield code="b">مطبعة دار الكتب المصرية،</marc:subfield><marc:subfield code="c">1944م.</marc:subfield></marc:datafield><marc:datafield tag="300" ind1=" " ind2=" "><marc:subfield code="a">14، 695 ص.؛</marc:subfield><marc:subfield code="c">28 سم.</marc:subfield></marc:datafield><marc:datafield tag="500" ind1=" " ind2=" "><marc:subfield code="a">يتضمن كشافات.</marc:subfield></marc:datafield><marc:datafield tag="500" ind1=" " ind2=" "><marc:subfield code="a">نبذة من سيرة أبي العلاء:   المعري، شاعر ومفكر ونحوي وأديب من عصر الدولة العباسية، ولد وتوفي في معرة النعمان في محافظة إدلب وإليها ُينسب. ُلقب بـرهين المحبسين أي محبس العمى ومحبس البيت وذلك لأنه قد اعتزل الناس بعد عودته من بغداد حتى وفاته. عاش المعري بعد اعتزاله زاهدًا في الدنيا، معرضًا عن لذاتها، لا يأكل لحم الحيوان حتى قيل أنه لم يأكل اللحم 45 سنة، ولا ما ينتجه من سمن ولبن أو بيض وعسل، ولا يلبس من الثياب إلا الخشن. حتى توفي عن عمر يناهز 86 عامًا، ودفن في منزله بمعرة النعمان. وقد جمعت أخباره مما كتبه المؤرخون وأصحاب السير في كتاب بإشراف الدكتور طه حسين بعنوان &quot;تعريف القدماء بأبي العلاء</marc:subfield></marc:datafield><marc:datafield tag="504" ind1=" " ind2=" "><marc:subfield code="a">يتضمن ملاحظات ومراجع ببليوجرافية.</marc:subfield></marc:datafield><marc:datafield tag="600" ind1="1" ind2="4"><marc:subfield code="a">أبو العلاء المعري،</marc:subfield><marc:subfield code="d">973-1057</marc:subfield></marc:datafield><marc:datafield tag="650" ind1=" " ind2="4"><marc:subfield code="a">الشعراء العرب</marc:subfield><marc:subfield code="y">العصر العباسي الثاني</marc:subfield><marc:subfield code="v">تراجم</marc:subfield></marc:datafield><marc:datafield tag="700" ind1="1" ind2=" "><marc:subfield code="a">حسين، طه</marc:subfield><marc:subfield code="d">1889-1973،</marc:subfield><marc:subfield code="e">مشرف</marc:subfield></marc:datafield><marc:datafield tag="710" ind1="1" ind2=" "><marc:subfield code="a">مصر.</marc:subfield><marc:subfield code="b">وزارة التربية والتعليم</marc:subfield></marc:datafield><marc:datafield tag="949" ind1=" " ind2=" "><marc:subfield code="a">928.56 ت غ  ٍ]</marc:subfield><marc:subfield code="w">DDC</marc:subfield><marc:subfield code="i">30018000014476</marc:subfield><marc:subfield code="u">06/12/2003</marc:subfield><marc:subfield code="d">09/04/2008</marc:subfield><marc:subfield code="n">0</marc:subfield><marc:subfield code="t">Book</marc:subfield><marc:subfield code="l">av</marc:subfield><marc:subfield code="m">MAIN</marc:subfield><marc:subfield code="x">ABK</marc:subfield></marc:datafield><marc:datafield tag="949" ind1=" " ind2=" "><marc:subfield code="a">928.56 ت غ  ٍ]</marc:subfield><marc:subfield code="w">DDC</marc:subfield><marc:subfield code="i">30018000000599</marc:subfield><marc:subfield code="u">06/22/2003</marc:subfield><marc:subfield code="d">04/26/2010</marc:subfield><marc:subfield code="n">0</marc:subfield><marc:subfield code="t">Book</marc:subfield><marc:subfield code="l">av</marc:subfield><marc:subfield code="m">MAIN</marc:subfield><marc:subfield code="x">RAR</marc:subfield></marc:datafield></marc:record>
</marc:collection>
